<record><leader>00000cas a22000007a 4500</leader><controlfield tag="001">10678841</controlfield><controlfield tag="008">840501d18701905wvuwr ne      0    0eng d</controlfield><datafield ind1=" " ind2=" " tag="010"><subfield code="a">sn 84026797 </subfield></datafield><datafield ind1=" " ind2=" " tag="040"><subfield code="a">NPU</subfield><subfield code="b">eng</subfield><subfield code="c">NPU</subfield><subfield code="d">NPX</subfield><subfield code="d">WVC</subfield><subfield code="d">DLC</subfield><subfield code="d">OCL</subfield><subfield code="d">NVK</subfield><subfield code="d">OCL</subfield><subfield code="d">OCLCQ</subfield><subfield code="d">OCLCF</subfield><subfield code="d">OCLCO</subfield></datafield><datafield ind1=" " ind2=" " tag="042"><subfield code="a">msc</subfield></datafield><datafield ind1="0" ind2=" " tag="130"><subfield code="a">Gerardstown times (Gerardstown, W. Va. : 1870)</subfield></datafield><datafield ind1="0" ind2="4" tag="245"><subfield code="a">The Gerardstown times.</subfield></datafield><datafield ind1=" " ind2=" " tag="260"><subfield code="a">Gerardstown [i.e. Gerrardstown], W. Va. :</subfield><subfield code="b">J.B. Morgan,</subfield><subfield code="c">1870-</subfield></datafield><datafield ind1=" " ind2=" " tag="300"><subfield code="a">v. ;</subfield><subfield code="c">25-58 cm.</subfield></datafield><datafield ind1=" " ind2=" " tag="310"><subfield code="a">Weekly</subfield></datafield><datafield ind1="0" ind2=" " tag="362"><subfield code="a">Vol. 1, no. 1 (July 9, 1870)-</subfield></datafield><datafield ind1="1" ind2=" " tag="362"><subfield code="a">Ceased in 1905.</subfield></datafield><datafield ind1=" " ind2=" " tag="530"><subfield code="a">Also available on microfilm from Micro Photo Division, Bell &amp; Howell Co.</subfield></datafield><datafield ind1=" " ind2="0" tag="651"><subfield code="a">Gerrardstown (W. Va.)</subfield><subfield code="v">Newspapers.</subfield></datafield><datafield ind1=" " ind2="7" tag="655"><subfield code="a">Newspapers.</subfield><subfield code="2">fast</subfield><subfield code="0">(OCoLC)fst01423814</subfield></datafield><datafield ind1=" " ind2="7" tag="651"><subfield code="a">West Virginia</subfield><subfield code="z">Gerrardstown.</subfield><subfield code="2">fast</subfield><subfield code="0">(OCoLC)fst01230913</subfield></datafield><datafield ind1=" " ind2=" " tag="752"><subfield code="a">United States</subfield><subfield code="b">West Virginia</subfield><subfield code="c">Berkeley</subfield><subfield code="d">Gerardstown.</subfield></datafield><datafield ind1=" " ind2=" " tag="752"><subfield code="a">United States</subfield><subfield code="b">West Virginia</subfield><subfield code="c">Berkeley</subfield><subfield code="d">Gerrardstown.</subfield></datafield><datafield ind1="0" ind2="0" tag="785"><subfield code="t">West Va. good templar</subfield><subfield code="w">(DLC)sn 85059504</subfield></datafield></record>